@software{uproot,
  author       = {Jim Pivarski and
                  others},
  title        = "{Uproot}",
  month        = feb,
  publisher    = {Zenodo},
  version      = {4.0.4},
  doi          = {10.5281/zenodo.4543730},
  url          = {https://doi.org/10.5281/zenodo.4543730}
}

@software{awkward,
  author       = {Jim Pivarski and
                  others},
  title        = "{Awkward Array}",
  month        = feb,
  publisher    = {Zenodo},
  version      = {1.2.0rc1},
  doi          = {10.5281/zenodo.4539721},
  url          = {https://doi.org/10.5281/zenodo.4539721}
}

@article{root,
    author = "Brun, R. and Rademakers, F.",
    editor = "Werlen, M. and Perret-Gallix, D.",
    title = "{ROOT: An object oriented data analysis framework}",
    doi = "10.1016/S0168-9002(97)00048-X",
    journal = "Nucl. Instrum. Meth. A",
    volume = "389",
    pages = "81--86",
    year = "1997"
}

@article{numpy,
 title         = {Array programming with {NumPy}},
 author        = {Charles R. Harris and K. Jarrod Millman and St{'{e}}fan J.
                 van der Walt and Ralf Gommers and Pauli Virtanen and David
                 Cournapeau and Eric Wieser and Julian Taylor and Sebastian
                 Berg and Nathaniel J. Smith and Robert Kern and Matti Picus
                 and Stephan Hoyer and Marten H. van Kerkwijk and Matthew
                 Brett and Allan Haldane and Jaime Fern{'{a}}ndez del
                 R{'{\i}}o and Mark Wiebe and Pearu Peterson and Pierre
                 G{'{e}}rard-Marchant and Kevin Sheppard and Tyler Reddy and
                 Warren Weckesser and Hameer Abbasi and Christoph Gohlke and
                 Travis E. Oliphant},
 year          = {2020},
 month         = sep,
 journal       = {Nature},
 volume        = {585},
 number        = {7825},
 pages         = {357--362},
 doi           = {10.1038/s41586-020-2649-2},
 publisher     = {Springer Science and Business Media {LLC}},
 url           = {https://doi.org/10.1038/s41586-020-2649-2}
}

@inproceedings{chep2019,
       author = {{Pivarski}, Jim and {Elmer}, Peter and {Lange}, David},
        title = "{Awkward Arrays in Python, C++, and Numba}",
     keywords = {Computer Science - Mathematical Software, High Energy Physics - Experiment},
    booktitle = {European Physical Journal Web of Conferences},
         year = 2020,
       series = {European Physical Journal Web of Conferences},
       volume = {245},
        month = nov,
          eid = {05023},
        pages = {05023},
          doi = {10.1051/epjconf/202024505023},
archivePrefix = {arXiv},
       eprint = {2001.06307},
 primaryClass = {cs.MS},
       adsurl = {https://ui.adsabs.harvard.edu/abs/2020EPJWC.24505023P},
      adsnote = {Provided by the SAO/NASA Astrophysics Data System}
}

@inproceedings{llvm,
     Author  = {Chris Lattner and Vikram Adve},
     Title = {{LLVM}: A Compilation Framework for Lifelong Program 
Analysis and Transformation},
     Booktitle = CGO,
     Address = {San Jose, CA, USA},
     Month = {Mar},
     Year  = {2004},
     pages = {75--88},
}
